% !Mode:: "TeX:UTF-8"
@phdthesis{zh1,
	language   ="zh",
	Author = {孙冬雪},
	Title = {基于模型预测方法的机器人视觉伺服控制研究},
	ADDRESS    = "长春",
	School = {长春工业大学},
	Year = {2018},
	pages= {9-10},
}

@inproceedings{chetverikov2002trimmed,
  title={The trimmed iterative closest point algorithm},
  author={Chetverikov, Dmitry and Svirko, Dmitry and Stepanov, Dmitry and Krsek, Pavel},
  booktitle={Object recognition supported by user interaction for service robots},
  volume={3},
  pages={545--548},
  year={2002},
  organization={IEEE}
}

@article{morrison2018closing,
  title={Closing the loop for robotic grasping: A real-time, generative grasp synthesis approach},
  author={Morrison, Douglas and Corke, Peter and Leitner, J{\"u}rgen},
  journal={arXiv preprint arXiv:1804.05172},
  year={2018}
}

@article{haviland2020control,
  title={Control of the final-phase of closed-loop visual grasping using image-based visual servoing},
  author={Haviland, Jesse and Dayoub, Feras and Corke, Peter},
  journal={arXiv preprint arXiv:2001.05650},
  year={2020}
}

@article{tsuchida2021characteristics,
  title={Characteristics based visual servo for 6DOF robot arm control},
  author={Tsuchida, Shinya and Lu, Huimin and Kamiya, Tohru and Serikawa, Seiichi},
  journal={Cognitive Robotics},
  volume={1},
  pages={76--82},
  year={2021},
  publisher={Elsevier}
}

@article{徐鑫莉2015工业机器人视觉伺服控制系统设计,
  title={工业机器人视觉伺服控制系统设计},
  author={徐鑫莉 and 韩啸 and 刑玉龙 and 蔡鹏},
  journal={伺服控制},
  number={8},
  pages={79--81},
  year={2015}
}

@article{陶波2016机器人无标定视觉伺服控制研究进展,
  title={机器人无标定视觉伺服控制研究进展},
  author={陶波 and 龚泽宇 and 丁汉},
  journal={力学学报},
  volume={48},
  number={4},
  pages={767--783},
  year={2016}
}

@mastersthesis{卢钰2016基于双目磁锚定手术机器人无标定视觉伺服控制研究,
  title={基于双目磁锚定手术机器人无标定视觉伺服控制研究},
  author={卢钰},
  year={2016},
  school={哈尔滨工业大学},
  ADDRESS    = "哈尔滨",
}

@article{外文1,
  title={Theoretical background and conceptual solution for depth perception and eye-hand coordination problems in laparoscopic surgery},
  author={Breedveld, P and Stassen, HG and Meijer, DW and Stassen, LPS},
  journal={Minimally invasive therapy \& allied technologies},
  volume={8},
  number={4},
  pages={227--234},
  year={1999},
  publisher={Taylor \& Francis}
}

@article{外文2,
  title={Comparison of robotic and laparoendoscopic single-site surgery systems in a suturing and knot tying task},
  author={Eisenberg, Dan and Vidovszky, Tamas J and Lau, James and Guiroy, Bernadette and Rivas, Homero},
  journal={Surgical endoscopy},
  volume={27},
  number={9},
  pages={3182--3186},
  year={2013},
  publisher={Springer}
}

@article{机器人视觉伺服研究进展,
  title={机器人视觉伺服研究进展:视觉系统与控制策略},
  author={贾丙西，刘山，张凯祥，等},
  journal={自动化学报},
  volume={41},
  number={5},
  pages={861-873},
  year={2015},
  abstract={没有},
}

@article{chaumette2006visual,
  title={Visual servo control. I. Basic approaches},
  author={Chaumette, Fran{\c{c}}ois and Hutchinson, Seth},
  journal={IEEE Robotics \& Automation Magazine},
  volume={13},
  number={4},
  pages={82--90},
  year={2006},
  publisher={IEEE}
}

@article{chaumette2007visual,
  title={Visual servo control. II. Advanced approaches [Tutorial]},
  author={Chaumette, Fran{\c{c}}ois and Hutchinson, Seth},
  journal={IEEE Robotics \& Automation Magazine},
  volume={14},
  number={1},
  pages={109--118},
  year={2007},
  publisher={IEEE}
}

@article{chaumette2004image,
  title={Image moments: a general and useful set of features for visual servoing},
  author={Chaumette, Fran{\c{c}}ois},
  journal={IEEE Transactions on Robotics},
  volume={20},
  number={4},
  pages={713--723},
  year={2004},
  publisher={IEEE}
}

@inproceedings{liu2017set,
  title={Set space visual servoing of a 6-dof manipulator},
  author={Liu, Chicheng and Chen, Rui and Xu, Jing and Zhao, Jianguo and Chen, Heping and Xi, Ning and Chen, Ken},
  booktitle={2017 IEEE International Conference on Robotics and Automation (ICRA)},
  pages={4422--4428},
  year={2017},
  organization={IEEE}
}

@article{tokuda2021convolutional,
  title={Convolutional neural network-based visual servoing for eye-to-hand manipulator},
  author={Tokuda, Fuyuki and Arai, Shogo and Kosuge, Kazuhiro},
  journal={IEEE Access},
  volume={9},
  pages={91820--91835},
  year={2021},
  publisher={IEEE}
}

@inproceedings{varley2015generating,
  title={Generating multi-fingered robotic grasps via deep learning},
  author={Varley, Jacob and Weisz, Jonathan and Weiss, Jared and Allen, Peter},
  booktitle={2015 IEEE/RSJ international conference on intelligent robots and systems (IROS)},
  pages={4415--4420},
  year={2015},
  organization={IEEE}
}

@article{adrian2022dfbvs,
  title={DFBVS: Deep Feature-Based Visual Servo},
  author={Adrian, Nicholas and Do, Van-Thach and Pham, Quang-Cuong},
  journal={arXiv preprint arXiv:2201.08046},
  year={2022}
}

@inproceedings{rauch2019learning,
  title={Learning-driven coarse-to-fine articulated robot tracking},
  author={Rauch, Christian and Ivan, Vladimir and Hospedales, Timothy and Shotton, Jamie and Fallon, Maurice},
  booktitle={2019 International Conference on Robotics and Automation (ICRA)},
  pages={6604--6610},
  year={2019},
  organization={IEEE}
}

@article{telea2004image,
  title={An image inpainting technique based on the fast marching method},
  author={Telea, Alexandru},
  journal={Journal of graphics tools},
  volume={9},
  number={1},
  pages={23--34},
  year={2004},
  publisher={Taylor \& Francis}
}

@article{mansard2007task,
  title={Task sequencing for high-level sensor-based control},
  author={Mansard, Nicolas and Chaumette, Franois},
  journal={IEEE Transactions on Robotics},
  volume={23},
  number={1},
  pages={60--72},
  year={2007},
  publisher={IEEE}
}

@inproceedings{yuksel2015ibvs,
  title={IBVS with fuzzy sliding mode for robot manipulators},
  author={Y{\"u}ksel, Tolga},
  booktitle={2015 International Workshop on Recent Advances in Sliding Modes (RASM)},
  pages={1--6},
  year={2015},
  organization={IEEE}
}

@inproceedings{parsapour2013position,
  title={Position based sliding mode control for visual servoing system},
  author={Parsapour, M and RayatDoost, S and Taghirad, HD},
  booktitle={2013 First RSI/ISM International Conference on Robotics and Mechatronics (ICRoM)},
  pages={337--342},
  year={2013},
  organization={IEEE}
}
  
@article{li2018enhanced,
  title={An enhanced IBVS controller of a 6DOF manipulator using hybrid PD-SMC method},
  author={Li, Shutong and Ghasemi, Ahmad and Xie, Wenfang and Gao, Yanbin},
  journal={International Journal of Control, Automation and Systems},
  volume={16},
  number={2},
  pages={844--855},
  year={2018},
  publisher={Springer}
}

@article{lenz2015deep,
  title={Deep learning for detecting robotic grasps},
  author={Lenz, Ian and Lee, Honglak and Saxena, Ashutosh},
  journal={The International Journal of Robotics Research},
  volume={34},
  number={4-5},
  pages={705--724},
  year={2015},
  publisher={SAGE Publications Sage UK: London, England}
}

@inproceedings{pinto2016supersizing,
  title={Supersizing self-supervision: Learning to grasp from 50k tries and 700 robot hours},
  author={Pinto, Lerrel and Gupta, Abhinav},
  booktitle={2016 IEEE international conference on robotics and automation (ICRA)},
  pages={3406--3413},
  year={2016},
  organization={IEEE}
}

@inproceedings{johns2016deep,
  title={Deep learning a grasp function for grasping under gripper pose uncertainty},
  author={Johns, Edward and Leutenegger, Stefan and Davison, Andrew J},
  booktitle={2016 IEEE/RSJ International Conference on Intelligent Robots and Systems (IROS)},
  pages={4461--4468},
  year={2016},
  organization={IEEE}
}

@article{mahler2017dex,
  title={Dex-net 2.0: Deep learning to plan robust grasps with synthetic point clouds and analytic grasp metrics},
  author={Mahler, Jeffrey and Liang, Jacky and Niyaz, Sherdil and Laskey, Michael and Doan, Richard and Liu, Xinyu and Ojea, Juan Aparicio and Goldberg, Ken},
  journal={arXiv preprint arXiv:1703.09312},
  year={2017}
}

@article{levine2018learning,
  title={Learning hand-eye coordination for robotic grasping with deep learning and large-scale data collection},
  author={Levine, Sergey and Pastor, Peter and Krizhevsky, Alex and Ibarz, Julian and Quillen, Deirdre},
  journal={The International journal of robotics research},
  volume={37},
  number={4-5},
  pages={421--436},
  year={2018},
  publisher={SAGE Publications Sage UK: London, England}
}

@inproceedings{viereck2017learning,
  title={Learning a visuomotor controller for real world robotic grasping using simulated depth images},
  author={Viereck, Ulrich and Pas, Andreas and Saenko, Kate and Platt, Robert},
  booktitle={Conference on Robot Learning},
  pages={291--300},
  year={2017},
  organization={PMLR}
}

































































@INPROCEEDINGS{cnproceed,
	author    = {王重阳 and 黄药师 and 欧阳峰 and 洪七公 and 段皇帝},
	title     = {武林高手从入门到精通},
	booktitle = {第~$N$~次华山论剑},
	year      = 2006,
	address   = {西安, 中国},
	month     = sep,
	language   ="zh",
}

@ARTICLE{cnarticle,
	AUTHOR  = "贾宝玉 and 林黛玉 and 薛宝钗 and 贾探春",
	TITLE   = "论刘姥姥食量大如牛之现实意义",
	JOURNAL = "红楼梦杂谈",
	PAGES   = "260--266",
	VOLUME  = "224",
	YEAR    = "1800",
	language   ="zh",
}


@inbook{Lin1992,
	language   ="zh",
	AUTHOR     = "林来兴",
	TITLE      = "空间控制技术",
	PUBLISHER  = "宇航出版社",
	YEAR       = "1992",
	Pages      = "25-42",
	ADDRESS    = "北京",
}

@book{xin1994,
	language   ="zh",
	title={信息技术与信息服务国际研讨会论文集},
	author={辛希孟 and 中国科学院文献信息中心 and 孟广均 and 信息学},
	year={1994},
	publisher={中国社会科学出版社},
	pages={45-49},
	address={北京},
	typeoflit={C},
}

@book{zhao1998,
	language   ="zh",
	title={新时代的工业工程师},
	author={赵耀东},
	year={1998},
	citedate =     {1998-09-26},
	address={台北},
	publisher={天下文化出版社},
	url={http://www.ie.nthu.edu.tw/info/ie.newie.htm(Big5)},
	typeoflit={M/OL},
}

@phdthesis{Chen1992,
	language   ="zh",
	Author = {谌颖},
	Title = {空间最优交会控制理论与方法研究},
	ADDRESS    = "哈尔滨",
	School = {哈尔滨工业大学},
	Year = {1992},
	pages= {8-13},
}

@article{hithesis2017,
	title={Hi!Thesis!,Harbin Institue of Technology},
	author={Yanshuo Chu},
	journal={Github},
	volume={001},
	number={0001},
	pages={000-999},
	year={2017},
}

